@online{TAG,
    author = {AUTHOR},
    title = {REF TITLE},
    year = 2015,
    url = {http://www.url.com/},
    urldate = {\today},
    organization = {ORG},
}